<?xml version="1.0" encoding="UTF-8" ?>
<collection xmlns:xsi="http://www.w3.org/2001/XMLSchema-instance" xsi:schemaLocation="http://www.loc.gov/MARC21/slim http://www.loc.gov/standards/marcxml/schema/MARC21slim.xsd" xmlns="http://www.loc.gov/MARC21/slim">
   <record>
      <leader>     cam a22     1a 4500</leader>
      <controlfield tag="001">4722767</controlfield>
      <controlfield tag="003">COO</controlfield>
      <controlfield tag="005">20140723193725.0</controlfield>
      <controlfield tag="008">890908m19481949ua h          000 0 araod</controlfield>
      <datafield tag="035" ind1=" " ind2=" ">
         <subfield code="a">(OCoLC)23487238</subfield>
      </datafield>
      <datafield tag="035" ind1=" " ind2=" ">
         <subfield code="a">4722767</subfield>
      </datafield>
      <datafield tag="040" ind1=" " ind2=" ">
         <subfield code="c">SAZTEC</subfield>
         <subfield code="d">CStRLIN</subfield>
         <subfield code="d">NIC</subfield>
      </datafield>
      <datafield tag="100" ind1="1" ind2=" ">
         <subfield code="a">Hamdānī, al-Ḥasan ibn Aḥmad,</subfield>
         <subfield code="d">d. 945.</subfield>
      </datafield>
      <datafield tag="245" ind1="1" ind2="3">
         <subfield code="a">al-Iklīl :</subfield>
         <subfield code="b">min akhbār al-Yaman wa-insāb ḥamīr, al-kitāb al-ʻāshir /</subfield>
         <subfield code="c">taṣnīf lisān al-Yaman Abī Muḥammad al-Ḥasan ibn Aḥmad ibn Yaʻqūb al-Hamdānī ; haqqaqahu wa-ʻallaqa ḥawāshīh wa-waqafa ʻalá ṭabʻih Muḥibb al-Dīn al-Khaṭīb.</subfield>
      </datafield>
      <datafield tag="260" ind1=" " ind2=" ">
         <subfield code="a">al-Qāhirah :</subfield>
         <subfield code="b">al-Maṭbaʻah al-Salfīyah wa-Maktabatuhā,</subfield>
         <subfield code="c">1948-9.</subfield>
      </datafield>
      <datafield tag="300" ind1=" " ind2=" ">
         <subfield code="a">[18], 376 p. :</subfield>
         <subfield code="b">facsim. ;</subfield>
         <subfield code="c">24 cm.</subfield>
      </datafield>
      <datafield tag="651" ind1=" " ind2="0">
         <subfield code="a">Yemen (Republic)</subfield>
         <subfield code="x">Antiquities.</subfield>
      </datafield>
      <datafield tag="700" ind1="1" ind2=" ">
         <subfield code="a">Khaṭīb, Muḥibb al-Dīn.</subfield>
      </datafield>
      <datafield tag="948" ind1="2" ind2=" ">
         <subfield code="a">20030610</subfield>
         <subfield code="b">x</subfield>
         <subfield code="d">hed5</subfield>
         <subfield code="e">lts</subfield>
         <subfield code="f">?</subfield>
         <subfield code="h">?</subfield>
      </datafield>
      <datafield tag="903" ind1=" " ind2=" ">
         <subfield code="a">NYUACO</subfield>
         <subfield code="d">20141028</subfield>
         <subfield code="p">31924032408324</subfield>
      </datafield>
      <datafield tag="950" ind1=" " ind2=" ">
         <subfield code="a">CS1122</subfield>
         <subfield code="b">.H21</subfield>
         <subfield code="v"> </subfield>
      </datafield>
   </record>
</collection>
